@online{a_dbus,
title={D-Bus Tutorial [{Э}лектронный ресурс]},
author={Pennington, H. and Wheeler, D.},
language=russian,
note={URL:~\url{https://dbus.freedesktop.org/doc/dbus-tutorial.html}}
}

@online{a_smlnj,
title={smlnj/smlnj: Standard ML of New Jersey [{Э}лектронный ресурс]},
language=russian,
note={URL:~\url{https://github.com/smlnj/smlnj}},
}

@online{a_qt,
title={Qt 5.15 [{Э}лектронный ресурс]},
language=russian,
note={URL:~\url{https://doc.qt.io/qt-5/}},
}

@online{a_rpm,
title={Технология сборки пакетов RPM --- ALT Linux Wiki [{Э}лектронный ресурс]},
language=russian,
note={URL:~\url{https://www.altlinux.org/%d0%a2%d0%b5%d1%85%d0%bd%d0%be%d0%bb%d0%be%d0%b3%d0%b8%d1%8f_%d1%81%d0%b1%d0%be%d1%80%d0%ba%d0%b8_%d0%bf%d0%b0%d0%ba%d0%b5%d1%82%d0%be%d0%b2_RPM}},
}

@online{a_rpm-macro,
title={Macros: Helpful Shorthand for Package Builders [{Э}лектронный ресурс]},
language=russian,
note={URL:~\url{http://ftp.rpm.org/max-rpm/s1-rpm-inside-macros.html}},
}

@online{a_hasher,
title={Hasher/Руководство --- ALT Linux Wiki [{Э}лектронный ресурс]},
language=russian,
note={URL:~\url{https://www.altlinux.org/Hasher/%d0%a0%d1%83%d0%ba%d0%be%d0%b2%d0%be%d0%b4%d1%81%d1%82%d0%b2%d0%be}},
}

@online{a_gear,
title={Руководство по gear --- ALT Linux Wiki [{Э}лектронный ресурс]},
language=russian,
note={URL:~\url{https://www.altlinux.org/%d0%a0%d1%83%d0%ba%d0%be%d0%b2%d0%be%d0%b4%d1%81%d1%82%d0%b2%d0%be_%d0%bf%d0%be_gear}},
}

@online{a_sisyphus,
title={Что такое Sisyphus? --- ALT Linux Wiki [{Э}лектронный ресурс]},
language=russian,
note={URL:~\url{https://www.altlinux.org/%d0%a7%d1%82%d0%be_%d1%82%d0%b0%d0%ba%d0%be%d0%b5_Sisyphus%3F}},
}

@online{a_join,
title={Join --- ALT Linux Wiki [{Э}лектронный ресурс]},
language=russian,
note={URL:~\url{https://www.altlinux.org/Join}},
}

@online{a_basealt,
title={О компании Базальт СПО | BaseALT [{Э}лектронный ресурс]},
language=russian,
note={URL:~\url{https://www.basealt.ru/company}},
}
